<record><leader>00000cas a22000007a 4500</leader><controlfield tag="001">17206805</controlfield><controlfield tag="008">871209d19471970paudn ne      0    0eng d</controlfield><datafield ind1=" " ind2=" " tag="010"><subfield code="a">sn 87078583 </subfield></datafield><datafield ind1=" " ind2=" " tag="040"><subfield code="a">NPH</subfield><subfield code="b">eng</subfield><subfield code="c">NPH</subfield><subfield code="d">OCLCQ</subfield></datafield><datafield ind1=" " ind2=" " tag="042"><subfield code="a">msc</subfield></datafield><datafield ind1="0" ind2=" " tag="130"><subfield code="a">Herald-American (Donora, Pa. : 1947)</subfield></datafield><datafield ind1="1" ind2="4" tag="245"><subfield code="a">The herald-American.</subfield></datafield><datafield ind1="1" ind2="7" tag="246"><subfield code="a">Daily Republican-Herald-American</subfield><subfield code="f">&lt;Jan. 1957&gt;</subfield></datafield><datafield ind1=" " ind2=" " tag="260"><subfield code="a">Donora, Pa. :</subfield><subfield code="b">Herald-American,</subfield><subfield code="c">1947-1970.</subfield></datafield><datafield ind1=" " ind2=" " tag="300"><subfield code="a">78 v. :</subfield><subfield code="b">ill. ;</subfield><subfield code="c">55 cm.</subfield></datafield><datafield ind1=" " ind2=" " tag="310"><subfield code="a">Daily (except Sat., Sun. &amp; holidays)</subfield></datafield><datafield ind1="0" ind2=" " tag="362"><subfield code="a">Vol. 48, no. 122 (June 23, 1947)-v. 126, no. 116 (Nov. 27, 1970).</subfield></datafield><datafield ind1=" " ind2=" " tag="500"><subfield code="a">Published in Monongahela, Pa., &lt;1958&gt;.</subfield></datafield><datafield ind1=" " ind2=" " tag="752"><subfield code="a">United States</subfield><subfield code="b">Pennsylvania</subfield><subfield code="c">Washington</subfield><subfield code="d">Donora.</subfield></datafield><datafield ind1=" " ind2=" " tag="752"><subfield code="a">United States</subfield><subfield code="b">Pennsylvania</subfield><subfield code="c">Washington</subfield><subfield code="d">Monongahela.</subfield></datafield><datafield ind1="0" ind2="0" tag="780"><subfield code="t">Donora herald-American</subfield><subfield code="w">(DLC)sn 87078582</subfield></datafield><datafield ind1="0" ind2="7" tag="785"><subfield code="t">Daily republican (Monongahela, Pa.)</subfield><subfield code="w">(DLC)sn 85054982</subfield></datafield><datafield ind1="0" ind2="7" tag="785"><subfield code="t">Daily herald (Monongahela, Pa.)</subfield><subfield code="w">(DLC)sn 87078584</subfield></datafield></record>